@article{jsai,
  author    = {Vineeth Kashyap and
               Kyle Dewey and
               Ethan A. Kuefner and
               John Wagner and
               Kevin Gibbons and
               John Sarracino and
               Ben Wiedermann and
               Ben Hardekopf},
  title     = {{JSAI:} Designing a Sound, Configurable, and Efficient Static Analyzer
               for JavaScript},
  journal   = {CoRR},
  volume    = {abs/1403.3996},
  year      = {2014},
  url       = {http://arxiv.org/abs/1403.3996},
  timestamp = {Tue, 01 Apr 2014 11:56:46 +0200},
  biburl    = {http://dblp.uni-trier.de/rec/bib/journals/corr/KashyapDKWGSWH14},
  bibsource = {dblp computer science bibliography, http://dblp.org}
}

@inproceedings{lambdajs,
 author    = {Guha, Arjun and
              Saftoiu, Claudiu and
              Krishnamurthi, Shriram
             },
 title     = {The Essence of Javascript},
 booktitle = {Proceedings of the 24th European Conference on Object-oriented Programming},
 series    = {ECOOP'10},
 year      = {2010},
 isbn      = {3-642-14106-4, 978-3-642-14106-5},
 location  = {Maribor, Slovenia},
 pages     = {126--150},
 numpages  = {25},
 url       = {http://dl.acm.org/citation.cfm?id=1883978.1883988},
 acmid     = {1883988},
 publisher = {Springer-Verlag},
 address   = {Berlin, Heidelberg},
}

@inproceedings{pdcfa,
 author = {Earl, Christopher and
           Sergey, Ilya and
           Might, Matthew and
           Van Horn, David
          },
 title = {Introspective Pushdown Analysis of Higher-order Programs},
 booktitle = {Proceedings of the 17th ACM SIGPLAN International Conference on Functional Programming},
 series = {ICFP '12},
 year = {2012},
 isbn = {978-1-4503-1054-3},
 location = {Copenhagen, Denmark},
 pages = {177--188},
 numpages = {12},
 url = {http://doi.acm.org/10.1145/2364527.2364576},
 doi = {10.1145/2364527.2364576},
 acmid = {2364576},
 publisher = {ACM},
 address = {New York, NY, USA},
}

@inproceedings{cfa2,
 author = {Vardoulakis, Dimitrios and
           Shivers, Olin
          },
 title = {CFA2: A Context-free Approach to Control-flow Analysis},
 booktitle = {Proceedings of the 19th European Conference on Programming Languages and Systems},
 series = {ESOP'10},
 year = {2010},
 isbn = {3-642-11956-5, 978-3-642-11956-9},
 location = {Paphos, Cyprus},
 pages = {570--589},
 numpages = {20},
 url = {http://dx.doi.org/10.1007/978-3-642-11957-6_30},
 doi = {10.1007/978-3-642-11957-6_30},
 acmid = {2175516},
 publisher = {Springer-Verlag},
 address = {Berlin, Heidelberg},
}

@inproceedings{aam,
  title={Abstracting abstract machines},
  author={Van Horn, David and
          Might, Matthew
         },
  booktitle={The 15th ACM SIGPLAN International Conference on Functional Programming},
  pages={51--62},
  year={2010},
  organization={ACM}
}
